@Misc{Zychlinski:1,
author = {Zychlinski, Shaked},
title = {The Search for Categorical Correlation},
month = feb,
year = {2018},
note = {https://towardsdatascience.com/the-search-for-categorical-correlation-a1cf7f1888c9}
}